@article{vermunt2002latent,
  title={Latent class cluster analysis},
  author={Vermunt, Jeroen K and Magidson, Jay},
  journal={Applied latent class analysis},
  volume={11},
  pages={89--106},
  year={2002}
}



@article{jolliffe1990principal,
	title={Principal component analysis: a beginner's guideâ€”I. Introduction and application},
	author={Jolliffe, Ian T},
	journal={Weather},
	volume={45},
	number={10},
	pages={375--382},
	year={1990},
	publisher={Wiley Online Library}
}


@book{hamilton1994time,
	title={Time series analysis},
	author={Hamilton, James Douglas},
	volume={2},
	year={1994},
	publisher={Princeton university press Princeton, NJ}
}
@book{koopmans1995spectral,
	title={The spectral analysis of time series},
	author={Koopmans, Lambert H},
	year={1995},
	publisher={Elsevier}
}

@article{daubechies1990wavelet,
	title={The wavelet transform, time-frequency localization and signal analysis},
	author={Daubechies, Ingrid},
	journal={IEEE transactions on information theory},
	volume={36},
	number={5},
	pages={961--1005},
	year={1990},
	publisher={IEEE}
}



@article{torrence1998practical,
	title={A practical guide to wavelet analysis},
	author={Torrence, Christopher and Compo, Gilbert P},
	journal={Bulletin of the American Meteorological society},
	volume={79},
	number={1},
	pages={61--78},
	year={1998},
	publisher={American Meteorological Society}
}


@article{podobnik2008detrended,
	title={Detrended cross-correlation analysis: a new method for analyzing two nonstationary time series},
	author={Podobnik, Boris and Stanley, H Eugene},
	journal={Physical review letters},
	volume={100},
	number={8},
	pages={084102},
	year={2008},
	publisher={APS}
}